%% LaTeX2e file `biblo.bib'
%% generated by the `filecontents' environment
%% from source `TP2-AnachuriNicolas-TitoBenjamin' on 2021/03/27.
%%
@book{rawsthorn2014hello,
  title={Hello world: where design meets life},
  author={Rawsthorn, Alice},
  year={2014},
  publisher={Abrams}
}
