%% LaTeX2e file `biblo.bib'
%% generated by the `filecontents' environment
%% from source `TP2-AnachuriNicolas-TitoBenjamin' on 2021/03/27.
%%
@book{Hello World,
title = {Book's title},
author = {Author, Some},
location = {The City},
publisher = {Publisher},
date = {2005},
}
